@book{hebert2013erlang,
 author = {Hebert, Fred},
 title = {Learn You Some Erlang for Great Good!: A Beginner's Guide},
 year = {2013},
 isbn = {1593274351, 9781593274351},
 publisher = {No Starch Press},
 address = {San Francisco, CA, USA},
} 

@book{logan2010erlang,
 author = {Logan, Martin and Merritt, Eric and Carlsson, Richard},
 title = {Erlang and OTP in Action},
 year = {2010},
 isbn = {1933988789, 9781933988788},
 edition = {1st},
 publisher = {Manning Publications Co.},
 address = {Greenwich, CT, USA},
} 

@online{valim2013design,
 author = {Valim, Jos√©},
 title = {Elixir Design Goals},
 month = {August},
 year = {2013},
 url = {http://elixir-lang.org/blog/2013/08/08/elixir-design-goals/},
 urldate = {2015-11-03}
}

@book{thomas2014elixir,
 author = {Thomas, Dave},
 title = {Programming Elixir: Functional ,
 Concurrent ,
 Pragmatic ,
 Fun},
 year = {2014},
 isbn = {1937785580, 9781937785581},
 edition = {1st},
 publisher = {Pragmatic Bookshelf},
} 

@book{stlaurent2014elixir,
 author = {St. Laurent, Simon and Eisenberg, J. David},
 title = {Introducing Elixir: Getting Started in Functional Programming},
 year = {2014},
 isbn = {1449369995, 9781449369996},
 edition = {1st},
 publisher = {O'Reilly Media, Inc.},
} 

@book{eisele2015modern,
 author = {Eisele, Markus},
 title = {Modern Java EE Design Patterns},
 year = {2015},
 publisher = {O'Reilly Media, Inc.},
 edition = {1st},
} 

@book{jendrock2014jee,
 author = {Jendrock, Eric and Cervera-Navarro, Ricardo and Evans, Ian and Haase, Kim and Markito, William},
 title = {The Java EE 7 Tutorial: Volume 2},
 year = {2014},
 isbn = {0321980085, 9780321980083},
 edition = {5th},
 publisher = {Addison-Wesley Professional},
} 

@online{fowler2014microservices,
 author = {Fowler, Martin and Lewis, James},
 title = {Microservices},
 month = {March},
 year = {2014},
 url = {http://martinfowler.com/articles/microservices.html},
 urldate = {2015-11-03}
}

@book{newman2015building,
 title = {Building Microservices},
 author = {Newman, Sam},
 isbn = {9781491950357},
 year = {2015},
 publisher = {O'Reilly Media, Incorporated}
}

@book{eckel2006thinking,
 title = {Thinking in Java},
 author = {Eckel, Bruce},
 isbn = {8324601112},
 year = {2006},
 publisher = {HELION}
}

@inproceedings{hewitt1977laws,
  author    = {Hewitt, Carl and
               Baker, Henry G.},
  title     = {Laws for Communicating Parallel Processes},
  booktitle = {{IFIP} Congress},
  pages     = {987--992},
  year      = {1977},
  timestamp = {Thu, 03 Jan 2002 12:03:21 +0100},
  biburl    = {http://dblp.uni-trier.de/rec/bib/conf/ifip/HewittB77},
  bibsource = {dblp computer science bibliography, http://dblp.org}
}

@book{agha86actors,
 author = {Agha, Gul},
 title = {Actors: A Model of Concurrent Computation in Distributed Systems},
 year = {1986},
 isbn = {0-262-01092-5},
 publisher = {MIT Press},
 address = {Cambridge, MA, USA},
} 

@online{hewitt2012actor,
 author = {Hewitt, Carl},
 title = {Hewitt, Meijer and Szyperski: The Actor Model (everything you wanted to know, but were afraid to ask)},
 month = {September},
 year = {2012},
 url = {https://channel9.msdn.com/Shows/Going+Deep/Hewitt-Meijer-and-Szyperski-The-Actor-Model-everything-you-wanted-to-know-but-were-afraid-to-ask},
 urldate = {2015-11-08}
}

@inproceedings{karmani2009actor,
 author = {Karmani, Rajesh K. and Shali, Amin and Agha, Gul},
 title = {Actor Frameworks for the JVM Platform: A Comparative Analysis},
 booktitle = {Proceedings of the 7th International Conference on Principles and Practice of Programming in Java},
 series = {PPPJ '09},
 year = {2009},
 isbn = {978-1-60558-598-7},
 location = {Calgary, Alberta, Canada},
 pages = {11--20},
 numpages = {10},
 url = {http://doi.acm.org/10.1145/1596655.1596658},
 doi = {10.1145/1596655.1596658},
 acmid = {1596658},
 publisher = {ACM},
 address = {New York, NY, USA},
 keywords = {JVM, Java, abstractions, actors, comparison, frameworks, libraries, performance, semantics},
} 

@inproceedings{armstrong96erlang,
    author = {Joe Armstrong},
    title = {Erlang - A survey of the language and its industrial applications},
    booktitle = {In Proceedings of the symposium on industrial applications of Prolog (INAP96). 16 { 18},
    year = {1996}
}

@article{stutter2005software,
 author = {Sutter, Herb and Larus, James},
 title = {Software and the Concurrency Revolution},
 journal = {Queue},
 issue_date = {September 2005},
 volume = {3},
 number = {7},
 month = sep,
 year = {2005},
 issn = {1542-7730},
 pages = {54--62},
 numpages = {9},
 url = {http://doi.acm.org/10.1145/1095408.1095421},
 doi = {10.1145/1095408.1095421},
 acmid = {1095421},
 publisher = {ACM},
 address = {New York, NY, USA},
} 

@inproceedings{tasharofi2013why,
    author = "Tasharofi, Samira and Dinges, Peter and Johnson, Ralph
              E.",
    editor = "Castagna, Giuseppe",
    title = "Why Do Scala Developers Mix the Actor Model with other
             Concurrency Models?",
    booktitle = "ECOOP",
    crossref = "conf/ecoop/2013",
    ee = "http://dx.doi.org/10.1007/978-3-642-39038-8_13",
    pages = "302-326",
    year = "2013",
}

@article{lee2006problem,
 author = {Lee, Edward A.},
 title = {The Problem with Threads},
 journal = {Computer},
 issue_date = {May 2006},
 volume = {39},
 number = {5},
 month = may,
 year = {2006},
 issn = {0018-9162},
 pages = {33--42},
 numpages = {10},
 url = {http://dx.doi.org/10.1109/MC.2006.180},
 doi = {10.1109/MC.2006.180},
 acmid = {1137289},
 publisher = {IEEE Computer Society Press},
 address = {Los Alamitos, CA, USA},
 keywords = {Coordination languages, Design patterns, Nondeterminism, Programming paradigms, Programming paradigms, Threads, Nondeterminism, Design patterns, Coordination languages, Threads},
}